<collection xmlns="http://www.loc.gov/MARC21/slim">
<record>
  <leader>02762nam0a22004571i 450 </leader>
  <controlfield tag="001">IT\ICCU\CNCE\049785</controlfield>
  <controlfield tag="005">20050725000000.0</controlfield>
  <datafield tag="012" ind1=" " ind2=" ">
    <subfield code="a">i-ue 40on isn. peho (3) 1595 (R)</subfield>
    <subfield code="2">fei</subfield>
  </datafield>
  <datafield tag="100" ind1=" " ind2=" ">
    <subfield code="a">19991124d1595        0itac0103    ba</subfield>
  </datafield>
  <datafield tag="101" ind1=" " ind2=" ">
    <subfield code="a">LAT</subfield>
  </datafield>
  <datafield tag="102" ind1=" " ind2=" ">
    <subfield code="a">IT</subfield>
  </datafield>
  <datafield tag="200" ind1="1" ind2=" ">
    <subfield code="a">Praxis beneficiorum D. Petri Rebuffi Montispessulani ... cui apposuimus Bullam Coenae Domini, Bullam item ieiuniorum ac supplicationum S.D.N.P. Pauli III multis in locis restituta omnia et hac editione aliquot additamentis ... ex postrema auctoris recognitione locupletata accesserunt etiam nunc recens additiones ad Regulas cancellariae cum interpretationibus D. Petri Rebuffi cura D. Audomari Rebuffi Montispessulani ... his etiam adiecta est practica cancellariae apostolicae D. Hieronymi Pauli Barchinensis cum indice locupletissimo</subfield>
  </datafield>
  <datafield tag="210" ind1=" " ind2=" ">
    <subfield code="a">Romae</subfield>
    <subfield code="c">apud Hieronymum Franzinum</subfield>
    <subfield code="c">excudebat Gulielmus Facciottus</subfield>
    <subfield code="d">1595</subfield>
    <subfield code="h">1594</subfield>
  </datafield>
  <datafield tag="215" ind1=" " ind2=" ">
    <subfield code="a">\60!, 662, \2! p.</subfield>
    <subfield code="d">4ʻ</subfield>
  </datafield>
  <datafield tag="620" ind1=" " ind2=" ">
    <subfield code="a">IT</subfield>
    <subfield code="d">Roma</subfield>
  </datafield>
  <datafield tag="700" ind1=" " ind2="1">
    <subfield code="a">Rebuffi,</subfield>
    <subfield code="b">Pierre</subfield>
    <subfield code="3">IT\ICCU\CNCA\007017</subfield>
  </datafield>
  <datafield tag="702" ind1=" " ind2="1">
    <subfield code="a">Rebuffi,</subfield>
    <subfield code="b">Audomar</subfield>
    <subfield code="3">IT\ICCU\CNCA\017135</subfield>
  </datafield>
  <datafield tag="702" ind1=" " ind2="1">
    <subfield code="a">Pau,</subfield>
    <subfield code="b">Jeroni</subfield>
    <subfield code="3">IT\ICCU\CNCA\017136</subfield>
  </datafield>
  <datafield tag="702" ind1=" " ind2="0">
    <subfield code="a">Paulus</subfield>
    <subfield code="c"> &lt;papa</subfield>
    <subfield code="c"> ; 3.&gt;</subfield>
    <subfield code="3">IT\ICCU\CNCA\003227</subfield>
  </datafield>
  <datafield tag="712" ind1="0" ind2="0">
    <subfield code="a">Franzini, Girolamo</subfield>
    <subfield code="3">IT\ICCU\CNCT\003012</subfield>
    <subfield code="4">650</subfield>
  </datafield>
  <datafield tag="712" ind1="0" ind2="0">
    <subfield code="a">Facciotti, Guglielmo</subfield>
    <subfield code="3">IT\ICCU\CNCT\000099</subfield>
    <subfield code="4">650</subfield>
  </datafield>
  <datafield tag="790" ind1=" " ind2="1">
    <subfield code="a">Rebuffe,</subfield>
    <subfield code="b">Pierre</subfield>
    <subfield code="3">IT\ICCU\CNCA\023344</subfield>
    <subfield code="z">Rebuffi, Pierre</subfield>
  </datafield>
  <datafield tag="790" ind1=" " ind2="1">
    <subfield code="a">Rebuffus,</subfield>
    <subfield code="b">Petrus</subfield>
    <subfield code="3">IT\ICCU\CNCA\023345</subfield>
    <subfield code="z">Rebuffi, Pierre</subfield>
  </datafield>
  <datafield tag="790" ind1=" " ind2="1">
    <subfield code="a">Rebuffus,</subfield>
    <subfield code="b">Audomarus</subfield>
    <subfield code="3">IT\ICCU\CNCA\023392</subfield>
    <subfield code="z">Rebuffi, Audomar</subfield>
  </datafield>
  <datafield tag="790" ind1=" " ind2="1">
    <subfield code="a">Rebuffi,</subfield>
    <subfield code="b">Aymard</subfield>
    <subfield code="3">IT\ICCU\CNCA\023393</subfield>
    <subfield code="z">Rebuffi, Audomar</subfield>
  </datafield>
  <datafield tag="790" ind1=" " ind2="1">
    <subfield code="a">Pau,</subfield>
    <subfield code="b">Gern̤imo</subfield>
    <subfield code="3">IT\ICCU\CNCA\021620</subfield>
    <subfield code="z">Pau, Jeroni</subfield>
  </datafield>
  <datafield tag="790" ind1=" " ind2="1">
    <subfield code="a">Paulus,</subfield>
    <subfield code="b">Hieronymus</subfield>
    <subfield code="3">IT\ICCU\CNCA\021621</subfield>
    <subfield code="z">Pau, Jeroni</subfield>
  </datafield>
  <datafield tag="790" ind1=" " ind2="1">
    <subfield code="a">Pau,</subfield>
    <subfield code="b">Jern̤imo</subfield>
    <subfield code="3">IT\ICCU\CNCA\021622</subfield>
    <subfield code="z">Pau, Jeroni</subfield>
  </datafield>
  <datafield tag="790" ind1=" " ind2="1">
    <subfield code="a">Farnese,</subfield>
    <subfield code="b">Alessandro</subfield>
    <subfield code="c"> &lt;1468-1549&gt;</subfield>
    <subfield code="3">IT\ICCU\CNCA\020800</subfield>
    <subfield code="z">Paulus &lt;papa ; 3.&gt;</subfield>
  </datafield>
  <datafield tag="791" ind1="0" ind2="0">
    <subfield code="a">Francini, Girolamo</subfield>
    <subfield code="3">IT\ICCU\CNCT\000863</subfield>
    <subfield code="z">Franzini, Girolamo</subfield>
  </datafield>
  <datafield tag="791" ind1="0" ind2="0">
    <subfield code="a">Francinus, Hieronymus</subfield>
    <subfield code="3">IT\ICCU\CNCT\005717</subfield>
    <subfield code="z">Franzini, Girolamo</subfield>
  </datafield>
  <datafield tag="791" ind1="0" ind2="0">
    <subfield code="a">Faciottus, Gulielmus</subfield>
    <subfield code="3">IT\ICCU\CNCT\003788</subfield>
    <subfield code="z">Facciotti, Guglielmo</subfield>
  </datafield>
  <datafield tag="791" ind1="0" ind2="0">
    <subfield code="a">Faciotto, Guglielmo</subfield>
    <subfield code="3">IT\ICCU\CNCT\005073</subfield>
    <subfield code="z">Facciotti, Guglielmo</subfield>
  </datafield>
  <datafield tag="791" ind1="0" ind2="0">
    <subfield code="a">Facciottus, Guilielmus</subfield>
    <subfield code="3">IT\ICCU\CNCT\005075</subfield>
    <subfield code="z">Facciotti, Guglielmo</subfield>
  </datafield>
  <datafield tag="801" ind1=" " ind2="3">
    <subfield code="a">IT</subfield>
    <subfield code="b">ICCU</subfield>
    <subfield code="c">20201115</subfield>
  </datafield>
  <datafield tag="899" ind1=" " ind2=" ">
    <subfield code="a">Biblioteca della Fondazione Ettore Pomarici Santomasi. Gravina di Puglia</subfield>
    <subfield code="1">BA0143</subfield>
    <subfield code="2">BA1 25</subfield>
  </datafield>
  <datafield tag="899" ind1=" " ind2=" ">
    <subfield code="a">Biblioteca universitaria. Genova</subfield>
    <subfield code="1">GE0038</subfield>
    <subfield code="2">LIG 01</subfield>
  </datafield>
  <datafield tag="899" ind1=" " ind2=" ">
    <subfield code="a">Biblioteca regionale universitaria. Messina</subfield>
    <subfield code="1">ME0050</subfield>
    <subfield code="2">PAL BM</subfield>
  </datafield>
  <datafield tag="899" ind1=" " ind2=" ">
    <subfield code="a">Biblioteca Angelica. Roma</subfield>
    <subfield code="1">RM0290</subfield>
    <subfield code="2">RML 06</subfield>
  </datafield>
  <datafield tag="899" ind1=" " ind2=" ">
    <subfield code="a">Biblioteca comunale degli Intronati. Siena</subfield>
    <subfield code="1">SI0046</subfield>
    <subfield code="2">RT1 QI</subfield>
  </datafield>
  <datafield tag="899" ind1=" " ind2=" ">
    <subfield code="a">Biblioteca provinciale dei padri Cappuccini. Trento</subfield>
    <subfield code="1">TN0134</subfield>
    <subfield code="2">ZTN 02</subfield>
  </datafield>
</record>
</collection>
